<record><leader>00000cas a22000007a 4500</leader><controlfield tag="001">16648295</controlfield><controlfield tag="007">hd afu---baca</controlfield><controlfield tag="008">870904d19031908ctudr n a     0   c0rusod</controlfield><datafield ind1=" " ind2=" " tag="010"><subfield code="a">sn 88017369 </subfield></datafield><datafield ind1=" " ind2=" " tag="040"><subfield code="a">HLS</subfield><subfield code="b">eng</subfield><subfield code="c">HLS</subfield><subfield code="d">HUL</subfield><subfield code="d">OKU</subfield><subfield code="d">OCLCQ</subfield><subfield code="d">OCLCO</subfield><subfield code="d">OCLCF</subfield><subfield code="d">OCLCO</subfield></datafield><datafield ind1=" " ind2=" " tag="012"><subfield code="i">8805</subfield></datafield><datafield ind1="1" ind2=" " tag="029"><subfield code="a">AU@</subfield><subfield code="b">000025837195</subfield></datafield><datafield ind1=" " ind2=" " tag="042"><subfield code="a">msc</subfield></datafield><datafield ind1=" " ind2=" " tag="043"><subfield code="a">e-ru---</subfield></datafield><datafield ind1="0" ind2=" " tag="130"><subfield code="a">Rus&#697; (Leningrad, R.S.F.S.R. : 1903)</subfield></datafield><datafield ind1="1" ind2="0" tag="245"><subfield code="a">Rus&#697;</subfield><subfield code="h">[microform].</subfield></datafield><datafield ind1=" " ind2=" " tag="260"><subfield code="a">[Sanktpeterburg] :</subfield><subfield code="b">A.A. Suvorin</subfield></datafield><datafield ind1=" " ind2=" " tag="300"><subfield code="a">v.</subfield></datafield><datafield ind1=" " ind2=" " tag="310"><subfield code="a">Daily</subfield></datafield><datafield ind1="1" ind2=" " tag="362"><subfield code="a">Published 1903-1908.</subfield><subfield code="z">Cf. Bibliografii&#65056;a&#65057; periodicheskikh izdanii&#774; 1901-1916.</subfield></datafield><datafield ind1=" " ind2=" " tag="588"><subfield code="a">Description based on: 1906, no. 1 (17 (30)--i&#65056;a&#65057;nv. 1906).</subfield></datafield><datafield ind1=" " ind2=" " tag="533"><subfield code="a">Microfilm.</subfield><subfield code="b">Woodbridge, Conn. :</subfield><subfield code="c">Research Publications, Inc.,</subfield><subfield code="d">[19--].</subfield><subfield code="e">microfilm reels ; 35 mm.</subfield><subfield code="f">(Newspapers from the Russian revolutionary era ; unit 3).</subfield></datafield><datafield ind1=" " ind2="0" tag="651"><subfield code="a">Saint Petersburg (Russia)</subfield><subfield code="v">Newspapers.</subfield></datafield><datafield ind1=" " ind2="7" tag="655"><subfield code="a">Newspapers.</subfield><subfield code="2">fast</subfield><subfield code="0">(OCoLC)fst01423814</subfield></datafield><datafield ind1=" " ind2="7" tag="651"><subfield code="a">Russia (Federation)</subfield><subfield code="z">Saint Petersburg.</subfield><subfield code="2">fast</subfield><subfield code="0">(OCoLC)fst01212867</subfield></datafield><datafield ind1=" " ind2="0" tag="830"><subfield code="a">Newspapers from the Russian revolutionary era ;</subfield><subfield code="v">unit 3.</subfield></datafield><datafield ind1=" " ind2=" " tag="850"><subfield code="a">MH</subfield></datafield></record>